@proceedings{dlhb,
	title = {The Description Logic Handbook: Theory, Implementation, and Applications},
	year = {2007},
	editor = {Franz Baader and Diego Calvanese and Deborah L. McGuinness and Daniele Nardi and Peter F. Patel-Schneider},
	publisher = {Cambridge University Press},
	isbn = {0-521-78176-0},
} 
