@proceedings{dlhb,
	title = {The Description Logic Handbook: Theory, Implementation, and Applications},
	year = {2007},
	editor = {Franz Baader and Diego Calvanese and Deborah L. McGuinness and Daniele Nardi and Peter F. Patel-Schneider},
	publisher = {Cambridge University Press},
	isbn = {0-521-78176-0},
} 

@article{2009_ijswis,
  author    = {Sebastian Hellmann and               Jens Lehmann and                S{\"o}ren Auer},
  title     = {Learning of {OWL} Class Descriptions on Very Large Knowledge                Bases},
  journal   = {Int. J. Semantic Web Inf. Syst.},
  volume    = {5},
  number    = {2},
  year      = {2009},
  pages     = {25-48}
}

@inproceedings{2008_dbpedia,
	title = "{DB}pedia: A Nucleus for a Web of Open Data",
	author = "Sören Auer and Chris Bizer and Georgi Kobilarov and Jens Lehmann and Richard Cyganiak and Zachary Ives",
	publisher = "Springer",
	booktitle = "Proceedings of the 6th International Semantic Web Conference (ISWC)",
	series = "Lecture Notes in Computer Science",
	volume = "4825",
	pages = "722-735",
	year = "2008",
}

@InProceedings{cheng00,
  author =  "Liviu Badea and Shan-Hwei Nienhuys-Cheng",
  title =   "A Refinement Operator for Description Logics",
  booktitle =   "Proceedings of the 10th International Conference on
         Inductive Logic Programming",
  series =  "Lecture Notes in Artificial Intelligence",
  volume =  "1866",
  editor =  "J. Cussens and A. Frisch",
  publisher =   "Springer-Verlag",
  year =    "2000",
  ISBN =    "3-540-67795-X",
  pages =   "40--59",
}

@InProceedings{hybrid_gp,
  title =	"Hybrid Learning of Ontology Classes",
  author =	"Jens Lehmann",
  bibdate =	"2007-08-29",
  bibsource =	"DBLP,
		 http://dblp.uni-trier.de/db/conf/mldm/mldm2007.html#Lehmann07",
  booktitle =	"Machine Learning and Data Mining in Pattern
		 Recognition, 5th International Conference",
  publisher =	"Springer",
  year = 	"2007",
  volume =	"4571",
  editor =	"Petra Perner",
  ISBN = 	"978-3-540-73498-7",
  pages =	"883--898",
  series =	"Lecture Notes in Computer Science",
  URL =  	"http://dx.doi.org/10.1007/978-3-540-73499-4_66",
}

@inproceedings{alc_learning_algorithm,
  author = 	 {Jens Lehmann and Pascal Hitzler},
  title = 	 { A Refinement Operator Based Learning Algorithm for the {ALC} Description Logic},
  booktitle = {Proc. of 17th Int. Conf. on Inductive Logic Programming (ILP 2007)},
  year = 	 {2008},
  editor    = {Hendrik Blockeel and
               Jan Ramon and
               Jude W. Shavlik and
               Prasad Tadepalli},
  publisher = {Springer},
  series    = {Lecture Notes in Computer Science},
  volume    = {4894},
  pages     = {147--160},
  note      = {Best Student Paper}
}

@Article{dllearner_jmlr,
  author = "Jens Lehmann",
  title  = "{DL-Learner:} Learning Concepts in Description Logics",
  journal = "Journal of Machine Learning Research (JMLR)",
  year   = "2009",
  volume = "10",
  pages = "2639--2642"
}

@article{mlj,
  author = {Jens Lehmann and Pascal Hitzler},
  journal = {Machine Learning journal},
  title = {Concept Learning in Description Logics Using Refinement Operators},
  publisher = {Springer},
  pages = {203--250},
  year = {2010},
  volume = {78},
  number = {1-2}
}

@InProceedings{ property_analysis,
	author = "Jens Lehmann and Pascal Hitzler",
	title = "Foundations of Refinement Operators for Description Logics",
	booktitle = "Inductive Logic Programming, 17th International Conference, ILP 2007, Corvallis, OR, USA, June 19-21, 2007",
	year = "2007",
	editor = "Hendrik Blockeel and Jan Ramon and Jude W. Shavlik and Prasad Tadepalli",
	publisher = "Springer",
	series = "Lecture Notes in Computer Science",
	note = "Best Student Paper Award",
	volume = "4894",
	pages = "161--174"
}

@ARTICLE{auer-swj-2010,
  author = {Sören Auer and Jens Lehmann},
  title = {Making the Web a Data Washing Machine - Creating Knowledge out of
	Interlinked Data},
  journal = {Semantic Web Journal},
  year = {2010},
  keywords = {2010 group_aksw auer lehmann mole event_swj sys:relevantFor:infai
	sys:relevantFor:bis seebiproject_OntoWiki peer-reviewed ontowiki_eu},
  timestamp = {2010.01.17},
  url = {http://www.jens-lehmann.org/files/2010/washing_machine_swj.pdf}
}

@INCOLLECTION{sh_scalability_2011,
  author = {Sebastian Hellmann and Jens Lehmann and Sören Auer},
  title = {Learning of OWL Class Expressions on Very Large Knowledge Bases and
	its Applications.},
  booktitle = {Learning of OWL Class Expressions on Very Large Knowledge Bases and
	its Applications},
  publisher = {IGI Global},
  year = {2011},
  editor = {Semantic Services, Interoperability and Web Applications: Emerging
	Concepts},
  chapter = {5},
  pages = {104-130},
  doi = {doi:10.4018/978-1-60960-593-3},
  keywords = {peer-reviewed 2011 hellmann lehmann auer group_aksw mole sys:relevantFor:infai
	sys:relevantFor:bis},
  owner = {sebastian},
  timestamp = {2011.06.27}
}

@INPROCEEDINGS{hanne,
  author = {Sebastian Hellmann and Jörg Unbehauen and Jens Lehmann},
  title = {HANNE - A Holistic Application for Navigational Knowledge Engineering},
  booktitle = {Posters and Demos of ISWC 2010},
  year = {2010},
  keywords = {2010 group_aksw event_iswc hellmann unbehauen lehmann mole sys:relevantFor:infai
	sys:relevantFor:bis dllearner},
  url = {http://iswc2010.semanticweb.org/pdf/522.pdf}
}

@INPROCEEDINGS{fuzzy,
  author = {Josué Iglesias and Jens Lehmann},
  title = {Towards Integrating Fuzzy Logic Capabilities into an Ontology-based
	Inductive Logic Programming Framework},
  booktitle = {Proc. of the 11th International Conference on Intelligent Systems
	Design and Applications (ISDA)},
  year = {2011},
  keywords = {2011 group_aksw lehmann mole sys:relevantFor:infai sys:relevantFor:bis
	sys:relevantFor:lod2 lod2page dllearner},
  owner = {jl},
  timestamp = {2011.08.23}
}

@INPROCEEDINGS{autosparql,
  author = {Jens Lehmann and Lorenz Bühmann},
  title = {AutoSPARQL: Let Users Query Your Knowledge Base},
  booktitle = {Proceedings of ESWC 2011},
  year = {2011},
  keywords = {2011 group_aksw mole event_eswc lehmann buehmann sys:relevantFor:infai
	dllearner sys:relevantFor:bis sys:relevantFor:lod2 lod2page peer-reviewed},
  owner = {jl},
  timestamp = {2011.03.22},
  url = {http://jens-lehmann.org/files/2011/autosparql_eswc.pdf}
}