@proceedings{dlhb,
	title = {The Description Logic Handbook: Theory, Implementation, and Applications},
	year = {2007},
	editor = {Franz Baader and Diego Calvanese and Deborah L. McGuinness and Daniele Nardi and Peter F. Patel-Schneider},
	publisher = {Cambridge University Press},
	isbn = {0-521-78176-0},
} 

@article{2009_ijswis,
  author    = {Sebastian Hellmann and               Jens Lehmann and                S{\"o}ren Auer},
  title     = {Learning of {OWL} Class Descriptions on Very Large Knowledge                Bases},
  journal   = {Int. J. Semantic Web Inf. Syst.},
  volume    = {5},
  number    = {2},
  year      = {2009},
  pages     = {25-48}
}

@inproceedings{2008_dbpedia,
	title = "{DB}pedia: A Nucleus for a Web of Open Data",
	author = "SÃ¶ren Auer and Chris Bizer and Georgi Kobilarov and Jens Lehmann and Richard Cyganiak and Zachary Ives",
	publisher = "Springer",
	booktitle = "Proceedings of the 6th International Semantic Web Conference (ISWC)",
	series = "Lecture Notes in Computer Science",
	volume = "4825",
	pages = "722-735",
	year = "2008",
}

@InProceedings{cheng00,
  author =  "Liviu Badea and Shan-Hwei Nienhuys-Cheng",
  title =   "A Refinement Operator for Description Logics",
  booktitle =   "Proceedings of the 10th International Conference on
         Inductive Logic Programming",
  series =  "Lecture Notes in Artificial Intelligence",
  volume =  "1866",
  editor =  "J. Cussens and A. Frisch",
  publisher =   "Springer-Verlag",
  year =    "2000",
  ISBN =    "3-540-67795-X",
  pages =   "40--59",
}

@InProceedings{hybrid_gp,
  title =	"Hybrid Learning of Ontology Classes",
  author =	"Jens Lehmann",
  bibdate =	"2007-08-29",
  bibsource =	"DBLP,
		 http://dblp.uni-trier.de/db/conf/mldm/mldm2007.html#Lehmann07",
  booktitle =	"Machine Learning and Data Mining in Pattern
		 Recognition, 5th International Conference",
  publisher =	"Springer",
  year = 	"2007",
  volume =	"4571",
  editor =	"Petra Perner",
  ISBN = 	"978-3-540-73498-7",
  pages =	"883--898",
  series =	"Lecture Notes in Computer Science",
  URL =  	"http://dx.doi.org/10.1007/978-3-540-73499-4_66",
}

@inproceedings{alc_learning_algorithm,
  author = 	 {Jens Lehmann and Pascal Hitzler},
  title = 	 { A Refinement Operator Based Learning Algorithm for the {ALC} Description Logic},
  booktitle = {Proc. of 17th Int. Conf. on Inductive Logic Programming (ILP 2007)},
  year = 	 {2008},
  editor    = {Hendrik Blockeel and
               Jan Ramon and
               Jude W. Shavlik and
               Prasad Tadepalli},
  publisher = {Springer},
  series    = {Lecture Notes in Computer Science},
  volume    = {4894},
  pages     = {147--160},
  note      = {Best Student Paper}
}

@Article{dllearner_jmlr,
  author = "Jens Lehmann",
  title  = "{DL-Learner:} Learning Concepts in Description Logics",
  journal = "Journal of Machine Learning Research (JMLR)",
  year   = "2009",
  volume = "10",
  pages = "2639--2642"
}

@article{mlj,
  author = {Jens Lehmann and Pascal Hitzler},
  journal = {Machine Learning journal},
  title = {Concept Learning in Description Logics Using Refinement Operators},
  publisher = {Springer},
  pages = {203--250},
  year = {2010},
  volume = {78},
  number = {1-2}
}

@InProceedings{ property_analysis,
	author = "Jens Lehmann and Pascal Hitzler",
	title = "Foundations of Refinement Operators for Description Logics",
	booktitle = "Inductive Logic Programming, 17th International Conference, ILP 2007, Corvallis, OR, USA, June 19-21, 2007",
	year = "2007",
	editor = "Hendrik Blockeel and Jan Ramon and Jude W. Shavlik and Prasad Tadepalli",
	publisher = "Springer",
	series = "Lecture Notes in Computer Science",
	note = "Best Student Paper Award",
	volume = "4894",
	pages = "161--174"
}
